@online{ref1,
  author = {nanosats.eu},
  title = {Nanosats Database},
  year = {2024},
  url = {https://www.nanosats.eu/.},
  note = {Accedido el: 16 de septiembre de 2024}
}

@online{ref2,
  author = {SatCatalog},
  title = {CubeSat Launch Costs},
  year = {2022},
  url = {https://www.satcatalog.com/insights/cubesat-launchcosts/#:~:text=Rocket%20Lab,-In%20general%2C%20Rocket&text=The%20company%20offers%20a%20range,launch%20to%20LEO%20or%20SSO},
  note = {Accedido el: 16 de septiembre de 2024}
}

@online{ref3,
  author = {nanosats.eu},
  title = {CubeSat Costs},
  year = {2024},
  url = {https://www.nanosats.eu/tables#keywords},
  note = {Accedido el: 16 de septiembre de 2024}
}

@online{ref4,
  author = {Odonohue, Daniel},
  title = {Optical Satellites},
  year = {2024},
  url = {https://mapscaping.com/optical-satellites/#:~:text=Optical%20sensors%20on%20Earth%20observation,is%20reflected%20b},
  note = {Accedido el: 16 de septiembre de 2024}
}

@book{ref5,
  author={Wertz, James and Larson, Wiley},
  title={Space mission analysis and design},
  publisher={Space technology Series},
  year={1999}
}

@article{ref6,
  author = {Tacul, Matias},
  title = {Identificación y caracterización de índices de performance en el apuntamiento de 
payload en CubeSats},
  year = {2023},
  note = {Accedido el: 16 de septiembre de 2024}
}
@article{ref7,
   author = {James Paul Mason and Matt Baumgart and Bryan Rogler and Chloe Downs and Margaret Williams and Thomas N Woods and Scott Palo and Phillip C Chamberlin and Stanley Solomon and Andrew Jones and Xinlin Li and Rick Kohnert and Amir Caspi},
   title = {MinXSS-1 CubeSat On-Orbit Pointing and Power Performance: The First Flight of the Blue Canyon Technologies XACT 3-axis Attitude Determination and Control System},
   journal = {Journal of Small Satellite Missions},
   volume = {10},
   number = {3},
   pages = {651-662},
   year = {2017},
   url = {https://www.researchgate.net/publication/317672613}
}


@article{ref8,
   author = {Son-Goo Kim and Jang-Soo Chae},
   title = {Attitude Control System Performance Estimation for Next Generation Small Satellite 1},
   journal = {World Congress on Aeronautics, Nano, Bio, Robotics and Energy (ANBRE15)},
   volume = {1},
   number = {1},
   pages = {Incheon},
   year = {2015},
   publisher = {Satellite Technology Research Center},
   month = {August}
}

@article{ref9,
   author = {Zhen Ye and Yusheng Xu and Shouzhu Zheng and Xiaohua Tong and Xiong Xu and Sicong Liu and Huan Xie and Shijie Liu and Chao Wei and Uwe Stilla},
   title = {Resolving time-varying attitude jitter of an optical remote sensing satellite based on a time-frequency analysis},
   journal = {Optics Express},
   volume = {28},
   issue = {11},
   pages = {15805},
   year = {2020},
   month = {May},
   publisher = {Optica Publishing Group},
   doi = {10.1364/oe.392194},
   issn = {10944087},
   pmid = {32549417}
}

@article{ref10,
   author = {Cornelius Dennehy and Oscar S Alvarez-Salazar},
   title = {A Survey of the Spacecraft Line-of-Sight Jitter Problem},
   journal = {NASA Technical Reports},
   year = {2020},
   institution = {NASA}
}

@article{ref11,
   author = {Giovanni Lavezzi and Mariusz Eivind Grottey and Marco Ciarcia},
   title = {Attitude Control Strategies for an Imaging CubeSat},
   journal = {2019 IEEE International Conference on Electro Information Technology (EIT)},
   volume = {1},
   number = {1},
   pages = {149-155},
   year = {2019},
   month = {May},
   publisher = {IEEE},
   doi = {10.1109/EIT.2019.8833806},
   isbn = {978-1-7281-0927-5}
}

@article{ref12,
   author = {Ronny Votel and Doug Sinclair},
   title = {Comparison of Control Moment Gyros and Reaction Wheels for Small Earth-Observing Satellites},
   journal = {Conference on Small Satellites Proceedings},
   volume = {1},
   number = {1},
   pages = {1-10},  % Puedes ajustar esto según la información disponible.
   year = {2012},
   institution = {Conference on Small Satellites}
}

@article{ref13,
   author = {E P Babcock and Erik P Babcock and Timothy Bretl},
   title = {CubeSat Attitude Determination via Kalman Filtering of Magnetometer and Solar Cell Data},
   journal = {25th Annual AIAA/USU Conference on Small Satellites Proceedings},
   volume = {1},
   number = {1},
   pages = {1-10},  % Puedes ajustar esto según la información disponible.
   year = {2011},
   publisher = {AIAA},
   city = {Illinois}
}

@article{ref14,
   author = {Daniel Torczynski and Rouzbeh Amini and Paolo Massioni},
   title = {Magnetorquer Based Attitude Control for a Nanosatellite Testplatform},
   journal = {AIAA Infotech@Aerospace 2010 Proceedings},
   volume = {1},
   number = {1},
   pages = {1-10},  % Ajusta según la información disponible.
   year = {2010},
   month = {April},
   publisher = {American Institute of Aeronautics and Astronautics},
   doi = {10.2514/6.2010-3511},
   isbn = {978-1-60086-963-1},
   city = {Reston, Virginia}
}

@article{ref15,
   author = {D M Vélez and E I Dawson and N E Nassiff},
   title = {Attitude Determination and Control Subsystem Design for a CubeSat},
   journal = {Worcester Polytechnic Institute Technical Reports},
   volume = {1},
   number = {1},
   pages = {1-10},  % Ajusta según la información disponible.
   year = {2012},
   url = {https://digitalcommons.wpi.edu/mqp-all/3322},
   city = {Worcester},
   publisher = {Worcester Polytechnic Institute (WPI)}
}

@article{ref16,
   author = {A. Annenkova and S. Biktimirov and K. Latyshev and A. Mahfouz and P. Mukhachev and D. Pritykin},
   title = {Cubesat ADCS model for preliminary design procedures within a concurrent design approach},
   journal = {AIP Conference Proceedings},
   volume = {1},
   number = {1},
   pages = {140005},
   year = {2019},
   doi = {10.1063/1.5133295}
}

@article{ref17,
   author = {A Rassõlkin and T Vaimann and P Org and A Leibak and R Gordon and E Priidel},
   title = {ADCS development for student CubeSat satellites – TalTech case study},
   journal = {Proceedings of the Estonian Academy of Sciences},
   volume = {70},
   issue = {3},
   pages = {268},
   year = {2021},
   doi = {10.3176/proc.2021.3.06},
   issn = {1736-6046}
}

@online{ref18,
   author = {Princeton Satellite System},
   title = {Spacecraft Control Toolbox},
   year = {2017},
   url = {http://support.psatellite.com//sct/index.php}
   note = {Accedido el: 16 de septiembre de 2024}

}

@online{ref19,
   author = {Mathworks},
   title = {Model and Simulate CubeSats},
   url = {https://la.mathworks.com/help/aeroblks/model-and-simulate-cubesats.html.},
   note = {Accedido el: 16 de septiembre de 2024}
   year = {2023}
}

@online{ref20,
   author = {Valispace},
   title = {Fan tutorials},
   url = {https://docs.valispace.com/vhd/fan-tutorials},
   note = {Accedido el: 16 de septiembre de 2024}
}

@article{ref21,
   author = {Adolfo Chaves},
   city = {Delft},
   institution = {Delft University of Technology},
   pages = {29-31},
   title = {On the Coupling of Orbit and Attitude Determination of Satellite Formations from Atmospheric Drag},
   year = {2020},
}


@book{ref22,
   author = {Howard Curtis},
   doi = {10.1016/C2011-0-69685-1},
   publisher = {Elsevier},
   title = {Orbital Mechanics for Engineering Students},
   year = {2014},
}

@book{ref23,
   author = {James Wertz},
   city = {Dordrecht},
   doi = {10.1007/978-94-009-9907-7},
   editor = {James R. Wertz},
   publisher = {Springer Netherlands},
   title = {Spacecraft Attitude Determination and Control},
   volume = {73},
   year = {1978},
}

@online{ref24,
   author = {AcademiaLab},
   title = {Elementos orbitales},
   url = {https://academia-lab.com/enciclopedia/elementos-orbitales/},
   note = {Accedido el: 17 de septiembre de 2024},
}

@book{ref25,
   author = {F. Landis Markley and John L. Crassidis},
   city = {New York, NY},
   doi = {10.1007/978-1-4939-0802-8},
   isbn = {978-1-4939-0801-1},
   publisher = {Springer New York},
   title = {Fundamentals of Spacecraft Attitude Determination and Control},
   year = {2014},
}

@book{ref26,
  title={Understanding Space: An Introduction to Astronautics},
  author={Sellers, J.J.},
  isbn={9780072424683},
  lccn={00103316},
  series={Space technology series},
  url={https://books.google.cl/books?id=kZNTAAAAMAAJ},
  year={2000},
  publisher={McGraw-Hill},
  chapter={3}
}

@inproceedings{ref27,
  title={Analytical Mechanics of Space Systems},
  author={Hanspeter Schaub and John L. Junkins},
  year={2003},
  url={https://api.semanticscholar.org/CorpusID:118562512}
}

@online{ref28,
  title={Introduction to CubeSat Attitude Control System},
  author={Toshinori Kuwahara},
  year={2021},
  institution = {KiboCUBE Academy},
  url={https://www.unoosa.org/documents/pdf/psa/access2space4all/KiboCUBE/AcademySeason2/On-demand_Pre-recorded_Lectures/KiboCUBE_Academy_2021_OPL14.pdf},
  note = {Accedido el: 17 de septiembre de 2024}

}

@online{ref29,
  title={Linear Quadratic Regulators},
  author={Russ Tedrake}, 
  year={2024},
  url={https://underactuated.mit.edu/lqr.html},
  note = {Accedido el: 17 de septiembre de 2024}

}

@book{ref30,
  title={Optimal Control Theory: An Introduction},
  author={Kirk, D.E.},
  isbn={9780486434841},
  lccn={74141636},
  series={Dover Books on Electrical Engineering Series},
  url={https://books.google.cl/books?id=fCh2SAtWIdwC},
  year={2004},
  publisher={Dover Publications}

}

@article{ref31,
  author  = {Virtanen, Pauli and Gommers, Ralf and Oliphant, Travis E. and
            Haberland, Matt and Reddy, Tyler and Cournapeau, David and
            Burovski, Evgeni and Peterson, Pearu and Weckesser, Warren and
            Bright, Jonathan and van der Walt, St{\'e}fan J. and
            Brett, Matthew and Wilson, Joshua and Millman, K. Jarrod and
            Mayorov, Nikolay and Nelson, Andrew R. J. and Jones, Eric and
            Kern, Robert and Larson, Eric and Carey, C J and
            Polat, {\.I}lhan and Feng, Yu and Moore, Eric W. and
            VanderPlas, Jake and Laxalde, Denis and Perktold, Josef and
            Cimrman, Robert and Henriksen, Ian and Quintero, E. A. and
            Harris, Charles R. and Archibald, Anne M. and
            Ribeiro, Ant{\^o}nio H. and Pedregosa, Fabian and
            van Mulbregt, Paul and SciPy 1.0 Contributors},
  title   = {{{SciPy} 1.0: Fundamental Algorithms for Scientific
            Computing in Python}},
  journal = {Nature Methods},
  year    = {2020},
  volume  = {17},
  pages   = {261--272},
  adsurl  = {https://rdcu.be/b08Wh},
  doi     = {10.1038/s41592-019-0686-2}

}

@book{ref32, 
  title={Pyomo--optimization modeling in python}, 
  author={Bynum, Michael L. and Hackebeil, Gabriel A. and Hart, William E. and Laird, Carl D. and Nicholson, Bethany L. and Siirola, John D. and Watson, Jean-Paul and Woodruff, David L.}, 
  edition={Third}, 
  volume={67}, 
  year={2021}, 
  publisher={Springer Science \& Business Media} 
}

@article{ref33, 
  title={Pyomo: modeling and solving mathematical programs in Python}, 
  author={Hart, William E and Watson, Jean-Paul and Woodruff, David L}, 
  journal={Mathematical Programming Computation},
  volume={3}, 
  number={3}, 
  pages={219--260}, 
  year={2011}, 
  publisher={Springer} 
}
